@Misc{MicrosoftCorporationa,
  author = {{Microsoft Corporation}},
  note   = {{zuletzt besucht: 23. Februar 2025}},
  title  = {{Azure Blob Storage - SAS-Tokens}},
  url    = {https://learn.microsoft.com/en-us/azure/storage/common/shared-key-authorization-prevent?tabs=portal},
}

@Misc{MicrosoftCorporationd,
  author = {{Microsoft Corporation}},
  note   = {{zuletzt besucht: 23. Februar 2025}},
  title  = {{Azure Blob Storage - Training}},
  url    = {https://learn.microsoft.com/en-us/training/modules/configure-blob-storage/},
}

@Misc{MicrosoftCorporationc,
  author = {{Microsoft Corporation}},
  note   = {{zuletzt besucht: 23. Februar 2025}},
  title  = {{Azure Blob Storage - CORS}},
  url    = {https://learn.microsoft.com/en-us/rest/api/storageservices/cross-origin-resource-sharing--cors--support-for-the-azure-storage-services},
}

@Misc{MicrosoftCorporationb,
  author = {{Microsoft Corporation}},
  note   = {{zuletzt besucht: 23. Februar 2025}},
  title  = {{Azure Blob Storage - Access Tiers}},
  url    = {https://learn.microsoft.com/en-us/azure/storage/blobs/access-tiers-overview},
}

@Misc{Animoto,
  author = {Animoto},
  note   = {{zuletzt besucht: 21. Februar 2025}},
  title  = {{Animoto}},
  url    = {https://animoto.com/},
}

@Misc{GoogleIrelandLimited,
  author = {{Google Ireland Limited}},
  note   = {{zuletzt besucht: 21. Februar 2025}},
  title  = {{Google Photos}},
  url    = {https://www.google.com/photos/about/},
}

@Misc{MicrosoftCorporation,
  author = {{Microsoft Corporation}},
  note   = {{zuletzt besucht: 21. Februar 2025}},
  title  = {{OneDrive}},
  url    = {https://www.microsoft.com/de-at/microsoft-365/onedrive/online-cloud-storage},
}

@Misc{MicrosoftCorporatione,
  author = {{Microsoft Corporation}},
  note   = {{zuletzt besucht: 23. Februar 2025}},
  title  = {{Azure PostgreSQL DB - Flexible Server vs. Single Server}},
  url    = {https://learn.microsoft.com/en-us/azure/postgresql/flexible-server/concepts-compare-single-server-flexible-server},
}

@Misc{MicrosoftCorporationf,
  author = {{Microsoft Corporation}},
  note   = {{zuletzt besucht: 23. Februar 2025}},
  title  = {{Azure PostgreSQL DB}},
  url    = {https://learn.microsoft.com/en-us/training/paths/microsoft-learn-azure-database-for-postgresql/},
}

@Article{hussain2015survey,
  author  = {Hussain, Shahid and Bahadur, Faisal and Gul, Faqir and Iqbal, Arif and Ashraf, Ghazala and Nazeer, Sumat},
  journal = {International Journal of Computer},
  title   = {Survey on Window and Linux as Server Operating System},
  year    = {2015},
  note    = {{zuletzt besucht: 23. Februar 2025}},
  number  = {1},
  pages   = {1--6},
  volume  = {18},
}

@Misc{MicrosoftCorporationh,
  author = {{Microsoft Corporation}},
  note   = {{zuletzt besucht: 23. Februar 2025}},
  title  = {{MSAL Example GitHub}},
  url    = {https://github.com/AzureAD/microsoft-authentication-library-for-js/tree/dev/samples/msal-angular-samples/angular-b2c-sample},
}

@Misc{MicrosoftCorporationg,
  author = {{Microsoft Corporation}},
  note   = {{zuletzt besucht: 23. Februar 2025}},
  title  = {{Angular single-page application using MSAL Angular to sign-in users against Microsoft Entra External ID}},
  url    = {https://learn.microsoft.com/en-us/samples/azure-samples/ms-identity-ciam-javascript-tutorial/ms-identity-ciam-javascript-tutorial-2-sign-in-angular/},
}

@Misc{MicrosoftCorporationi,
  author = {{Microsoft Corporation}},
  note   = {{zuletzt besucht: 23. Februar 2025}},
  title  = {{Publish an ASP.NET Core app to Azure with Visual Studio Code}},
  url    = {https://learn.microsoft.com/en-us/aspnet/core/tutorials/publish-to-azure-webapp-using-vscode?view=aspnetcore-8.0},
}

@Misc{MicrosoftCorporationj,
  author = {{Microsoft Corporation}},
  note   = {{zuletzt besucht: 23. Februar 2025}},
  title  = {{How to configure routing in Azure Static Web Apps [6 of 22] | Azure Tips and Tricks: Static Web Apps}},
  url    = {https://learn.microsoft.com/en-us/shows/azure-tips-and-tricks-static-web-apps/how-to-configure-routing-in-azure-static-web-apps-6-of-16--azure-tips-and-tricks-static-web-apps},
}

@Misc{MicrosoftCorporationk,
  author = {{Microsoft Corporation}},
  note   = {{zuletzt besucht: 23. Februar 2025}},
  title  = {{Enable authentication in your own web API by using Azure AD B2C}},
  url    = {https://learn.microsoft.com/en-us/azure/active-directory-b2c/enable-authentication-web-api?tabs=csharpclient},
}

@Misc{MicrosoftCorporationl,
  author = {{Microsoft Corporation}},
  note   = {{zuletzt besucht: 23. Februar 2025}},
  title  = {{Connect to an existing Azure PostgreSQL flexible server}},
  url    = {https://learn.microsoft.com/en-us/dotnet/aspire/database/azure-postgresql-entity-framework-integration?tabs=dotnet-cli#connect-to-an-existing-azure-postgresql-flexible-server},
}

@Misc{MicrosoftCorporationm,
  author = {{Microsoft Corporation}},
  note   = {{zuletzt besucht: 23. Februar 2025}},
  title  = {{View account access keys}},
  url    = {https://learn.microsoft.com/en-us/azure/storage/common/storage-account-keys-manage?tabs=azure-portal#view-account-access-keys},
}

@Misc{GitHuba,
  author = {{GitHub, Inc.}},
  note   = {{zuletzt besucht: 23. Februar 2025}},
  title  = {{Quickstart for GitHub Actions}},
  url    = {https://docs.github.com/en/actions/writing-workflows/quickstart},
}

@Misc{GitHub,
  author = {{GitHub, Inc.}},
  note   = {{zuletzt besucht: 23. Februar 2025}},
  title  = {{Using secrets in GitHub Actions}},
  url    = {https://docs.github.com/en/actions/security-for-github-actions/security-guides/using-secrets-in-github-actions},
}

@Misc{MicrosoftCorporationn,
  author = {{Microsoft Corporation}},
  note   = {{zuletzt besucht: 23. Februar 2025}},
  title  = {{User flows and custom policies overview}},
  url    = {https://learn.microsoft.com/en-us/azure/active-directory-b2c/user-flow-overview},
}

@Article{kulkarni2003separation,
  author    = {Kulkarni, Vinay and Reddy, Sreedhar},
  journal   = {IEEE software},
  title     = {Separation of concerns in model-driven development},
  year      = {2003},
  note      = {{zuletzt besucht: 24. Februar 2025}},
  number    = {5},
  pages     = {64--69},
  volume    = {20},
  publisher = {IEEE},
}

@Misc{MozillaFoundation,
  author = {{Mozilla Foundation}},
  note   = {{zuletzt besucht: 24. Februar 2025}},
  title  = {{File: webkitRelativePath property}},
  url    = {https://developer.mozilla.org/en-US/docs/Web/API/File/webkitRelativePath},
}

@Comment{jabref-meta: databaseType:bibtex;}
